<record><leader>00000cas a2200000 a 4500</leader><controlfield tag="001">12265035</controlfield><controlfield tag="008">850715d18751888miuwr ne      0    0eng c</controlfield><datafield ind1=" " ind2=" " tag="010"><subfield code="a">sn 85026525 </subfield></datafield><datafield ind1=" " ind2=" " tag="040"><subfield code="a">NPX</subfield><subfield code="b">eng</subfield><subfield code="c">NPX</subfield><subfield code="d">MHN</subfield><subfield code="d">OCL</subfield><subfield code="d">OCLCQ</subfield><subfield code="d">OCLCF</subfield><subfield code="d">OCLCO</subfield></datafield><datafield ind1=" " ind2=" " tag="042"><subfield code="a">pcc</subfield></datafield><datafield ind1=" " ind2=" " tag="043"><subfield code="a">n-us-mi</subfield></datafield><datafield ind1="0" ind2="4" tag="245"><subfield code="a">The Newaygo tribune.</subfield></datafield><datafield ind1="3" ind2=" " tag="246"><subfield code="a">Newaygo County tribune</subfield><subfield code="f">Jan. 6, 1886-Dec. 29, 1886</subfield></datafield><datafield ind1=" " ind2=" " tag="260"><subfield code="a">Newaygo, Mich. :</subfield><subfield code="b">J. Palmiter</subfield></datafield><datafield ind1=" " ind2=" " tag="300"><subfield code="a">v.</subfield></datafield><datafield ind1=" " ind2=" " tag="310"><subfield code="a">Weekly</subfield></datafield><datafield ind1="0" ind2=" " tag="362"><subfield code="a">Vol. 1, no. 1 (Mar. 20, 1875)- ; -new ser., v. 6, no. 20 (Dec. 29, 1886) = whole no. 515 ; new ser., v. 1, no. 1 (Jan. 5, 1887) = whole no. 516-</subfield></datafield><datafield ind1="1" ind2=" " tag="362"><subfield code="a">Ceased in 1888.</subfield><subfield code="z">Cf. NIM.</subfield></datafield><datafield ind1=" " ind2=" " tag="500"><subfield code="a">"County" appears over ornament in masthead in some issues.</subfield></datafield><datafield ind1=" " ind2=" " tag="500"><subfield code="a">Editor: J. Palmiter, &lt;1876&gt;.</subfield></datafield><datafield ind1=" " ind2=" " tag="500"><subfield code="a">Proprietor: J. Palmiter, &lt;1876&gt;.</subfield></datafield><datafield ind1=" " ind2=" " tag="500"><subfield code="a">"Republican," &lt;1876&gt;.</subfield></datafield><datafield ind1=" " ind2=" " tag="515"><subfield code="a">Issues also called:-v. 3, no. 5 (Apr. 13, 1877)&gt; ; &lt;new series, v. 1, no. 44 (Jan. 4, 1882) = whole no. 356&gt;-</subfield></datafield><datafield ind1=" " ind2="0" tag="651"><subfield code="a">Newaygo (Mich.)</subfield><subfield code="v">Newspapers.</subfield></datafield><datafield ind1=" " ind2="0" tag="651"><subfield code="a">Newaygo County (Mich.)</subfield><subfield code="v">Newspapers.</subfield></datafield><datafield ind1=" " ind2="7" tag="655"><subfield code="a">Newspapers.</subfield><subfield code="2">fast</subfield><subfield code="0">(OCoLC)fst01423814</subfield></datafield><datafield ind1=" " ind2="7" tag="651"><subfield code="a">Michigan</subfield><subfield code="z">Newaygo.</subfield><subfield code="2">fast</subfield><subfield code="0">(OCoLC)fst01233291</subfield></datafield><datafield ind1=" " ind2="7" tag="651"><subfield code="a">Michigan</subfield><subfield code="z">Newaygo County.</subfield><subfield code="2">fast</subfield><subfield code="0">(OCoLC)fst01211486</subfield></datafield><datafield ind1=" " ind2=" " tag="752"><subfield code="a">United States</subfield><subfield code="b">Michigan</subfield><subfield code="c">Newaygo</subfield><subfield code="d">Newaygo.</subfield></datafield></record>